%% This BibTeX bibliography file was created using BibDesk.
%% http://bibdesk.sourceforge.net/


%% Created for Gert Smolka at 2014-05-05 15:28:28 +0200 


%% Saved with string encoding Unicode (UTF-8) 



@article{GentzenII1935,
	Author = {Gentzen, Gerhard},
	Date-Added = {2014-05-05 13:27:55 +0000},
	Date-Modified = {2014-05-05 13:28:21 +0000},
	Journal = {Mathematische Zeitschrift},
	Number = {1},
	Pages = {405--431},
	Publisher = {Springer},
	Title = {Untersuchungen {\"u}ber das logische Schlie{\ss}en. II},
	Volume = {39},
	Year = {1935}}

@article{GentzenI1935,
	Author = {Gentzen, Gerhard},
	Date-Added = {2014-05-05 13:26:45 +0000},
	Date-Modified = {2014-05-05 13:27:52 +0000},
	Journal = {Mathematische zeitschrift},
	Number = {1},
	Pages = {176--210},
	Publisher = {Springer},
	Title = {Untersuchungen {\"u}ber das logische Schlie{\ss}en. I},
	Volume = {39},
	Year = {1935}}

@book{Kleene1952,
	Author = {Kleene, Stephen Cole},
	Date-Added = {2014-05-05 13:20:04 +0000},
	Date-Modified = {2014-05-05 13:21:24 +0000},
	Publisher = {Van Nostrand},
	Title = {Introduction to metamathematics},
	Year = {1952}}

@book{Girard1989,
	Author = {Girard, Jean-Yves and Lafont, Yves and Taylor, Paul},
	Date-Added = {2014-05-05 13:17:48 +0000},
	Date-Modified = {2014-05-05 13:18:58 +0000},
	Publisher = {Cambridge University Press},
	Title = {Proof and types},
	Year = {1989}}

@article{Rice1953,
	Author = {Rice, Henry Gordon},
	Date-Added = {2014-04-11 11:08:05 +0000},
	Date-Modified = {2014-04-11 11:08:27 +0000},
	Journal = {Transactions of the American Mathematical Society},
	Number = {2},
	Pages = {358--366},
	Title = {Classes of recursively enumerable sets and their decision problems},
	Volume = {74},
	Year = {1953}}

@inproceedings{deBruijn1972,
	Author = {De Bruijn, Nicolaas Govert},
	Booktitle = {Indagationes Mathematicae (Proceedings)},
	Date-Added = {2014-04-08 17:47:06 +0000},
	Date-Modified = {2014-04-08 17:47:32 +0000},
	Number = {5},
	Organization = {Elsevier},
	Pages = {381--392},
	Title = {Lambda calculus notation with nameless dummies, a tool for automatic formula manipulation, with application to the Church-Rosser theorem},
	Volume = {75},
	Year = {1972}}

@book{Scheme2010,
	Author = {Sperber, Michael and Dybvig, R. Kent and Flatt, Matthew and van Straaten, Anton},
	Date-Added = {2014-04-08 16:44:36 +0000},
	Date-Modified = {2014-04-08 16:47:08 +0000},
	Publisher = {Cambridge University Press},
	Title = {Revised [6] report on the algorithmic language {Scheme}},
	Volume = {19},
	Year = {2010}}

@inproceedings{Niehren1996,
	Author = {Joachim Niehren},
	Bibsource = {DBLP, http://dblp.uni-trier.de},
	Booktitle = {POPL},
	Crossref = {DBLP:conf/popl/1996},
	Date-Added = {2014-04-08 07:36:08 +0000},
	Date-Modified = {2014-04-08 07:37:01 +0000},
	Ee = {http://doi.acm.org/10.1145/237721.237801},
	Pages = {333-343},
	Title = {Functional Computation as Concurrent Computation},
	Year = {1996}}

@proceedings{DBLP:conf/popl/1996,
	Bibsource = {DBLP, http://dblp.uni-trier.de},
	Booktitle = {POPL},
	Date-Added = {2014-04-08 07:36:08 +0000},
	Date-Modified = {2014-04-08 07:36:08 +0000},
	Editor = {Hans-Juergen Boehm and Guy L. Steele Jr.},
	Ee = {http://dl.acm.org/citation.cfm?id=237721},
	Isbn = {0-89791-769-3},
	Publisher = {ACM Press},
	Title = {Conference Record of POPL'96: The 23rd ACM SIGPLAN-SIGACT Symposium on Principles of Programming Languages, Papers Presented at the Symposium, St. Petersburg Beach, Florida, USA, January 21-24, 1996},
	Year = {1996}}

@book{CurryVol2-1972,
	Author = {Curry, Haskell B. and Hindley, J. Roger and Seldin, Jonathan P.},
	Date-Added = {2014-04-04 10:26:42 +0000},
	Date-Modified = {2014-04-04 10:49:08 +0000},
	Publisher = {North-Holland Publishing Company},
	Title = {Combinatory Logic: Volume II},
	Year = {1972}}

@article{DalLagoMartini2012,
	Author = {Ugo {Dal Lago} and Simone Martini},
	Date-Added = {2014-04-03 10:25:16 +0000},
	Date-Modified = {2014-04-03 10:25:59 +0000},
	Journal = {Logical Methods in Computer Science},
	Number = 3,
	Title = {On Constructor Rewrite Systems and the Lambda Calculus},
	Volume = 8,
	Year = 2012}

@incollection{Wadsworth1980,
	Author = {Wadsworth, Christopher},
	Booktitle = {To HB Curry: Essays on combinatory logic, lambda calculus and formalism},
	Date-Added = {2014-04-01 19:58:07 +0000},
	Date-Modified = {2014-04-04 10:54:28 +0000},
	Editor = {Curry, Haskell B. and Hindley, J. Roger and Seldin, Jonathan P.},
	Pages = {215--230},
	Publisher = {Academic Press},
	Title = {Some unusual $\lambda$-calculus numeral systems},
	Year = {1980}}

@book{dellaRoccaPaolini2004,
	Author = {Della Rocca, Simona Ronchi and Paolini, Luca},
	Date-Added = {2014-04-01 18:27:22 +0000},
	Date-Modified = {2014-04-01 18:28:13 +0000},
	Publisher = {Springer},
	Title = {The Parametric $\lambda$-Calculus},
	Year = {2004}}

@article{DalLagoMartini2008,
	Author = {Ugo {Dal Lago} and Simone Martini},
	Date-Added = {2014-04-01 17:24:02 +0000},
	Date-Modified = {2014-04-03 10:26:20 +0000},
	Journal = {Theor. Comput. Sci.},
	Number = {1-3},
	Pages = {32-50},
	Title = {The weak lambda calculus as a reasonable machine},
	Volume = {398},
	Year = {2008}}

@book{Cutland1980,
	Author = {Cutland, Nigel},
	Date-Added = {2014-04-01 14:59:49 +0000},
	Date-Modified = {2014-04-01 15:00:21 +0000},
	Publisher = {Cambridge University Press},
	Title = {Computability: An introduction to recursive function theory},
	Year = {1980}}

@conference{Scott-Lambda-Calculus-Slides,
	Address = {San Francisco},
	Author = {Dana S. Scott},
	Booktitle = {ACM A.M. Turing Centennial Celebration},
	Date-Added = {2014-03-30 12:21:14 +0000},
	Date-Modified = {2014-03-30 13:15:48 +0000},
	Organization = {At turing100.acm.org/lambda\_calculus\_timeline.pdf, there is also video},
	Title = {Lambda Calculus Then and Now (slides)},
	Year = {2012},
	Bdsk-Url-1 = {http://turing100.acm.org/lambda_calculus_timeline.pdf}}

@article{Church1936,
	Author = {Church, Alonzo},
	Date-Added = {2014-03-30 10:48:44 +0000},
	Date-Modified = {2014-03-30 10:49:27 +0000},
	Journal = {American journal of mathematics},
	Pages = {345--363},
	Read = {0},
	Title = {An unsolvable problem of elementary number theory},
	Year = {1936}}

@book{Church1941,
	Author = {Church, Alonzo},
	Date-Added = {2014-03-30 10:23:06 +0000},
	Date-Modified = {2014-03-30 10:50:39 +0000},
	Publisher = {Princeton University Press},
	Title = {The calculi of lambda-conversion},
	Year = {1941}}

@article{Steensgaard-Madsen89,
	Author = {J{\o}rgen Steensgaard-Madsen},
	Date-Added = {2014-03-28 19:25:15 +0000},
	Date-Modified = {2014-03-28 19:25:45 +0000},
	Journal = {ACM Trans. Program. Lang. Syst.},
	Number = {1},
	Pages = {67-89},
	Title = {Type Representation of Objects by Functions},
	Volume = {11},
	Year = {1989}}

@inproceedings{Reynolds85,
	Author = {John C. Reynolds},
	Booktitle = {TAPSOFT, Vol.1},
	Crossref = {DBLP:conf/tapsoft/1985-1},
	Date-Added = {2014-03-28 19:22:21 +0000},
	Date-Modified = {2014-03-28 19:23:20 +0000},
	Pages = {97-138},
	Title = {Three Approaches to Type Structure},
	Year = {1985}}

@proceedings{DBLP:conf/tapsoft/1985-1,
	Bibsource = {DBLP, http://dblp.uni-trier.de},
	Booktitle = {TAPSOFT, Vol.1},
	Date-Added = {2014-03-28 19:22:21 +0000},
	Date-Modified = {2014-03-28 19:22:47 +0000},
	Editor = {Hartmut Ehrig and Christiane Floyd and Maurice Nivat and James W. Thatcher},
	Isbn = {3-540-15198-2},
	Publisher = {Springer},
	Series = {LNCS},
	Title = {Mathematical Foundations of Software Development, Proceedings of the International Joint Conference on Theory and Practice of Software Development (TAPSOFT), Berlin, Germany, March 25-29, 1985, Volume 1: Colloquium on Trees in Algebra and Programming (CAAP'85)},
	Volume = {185},
	Year = {1985}}

@inproceedings{Xu2013,
	Author = {Jian Xu and Xingyuan Zhang and Christian Urban},
	Booktitle = {ITP},
	Crossref = {DBLP:conf/itp/2013},
	Date-Added = {2014-03-28 17:56:08 +0000},
	Date-Modified = {2014-04-07 17:11:40 +0000},
	Pages = {147-162},
	Title = {Mechanising {T}uring Machines and Computability Theory in {Isabelle/HOL}},
	Year = {2013}}

@proceedings{DBLP:conf/itp/2013,
	Booktitle = {ITP},
	Date-Added = {2014-03-28 17:56:08 +0000},
	Date-Modified = {2014-03-28 17:56:53 +0000},
	Editor = {Sandrine Blazy and Christine Paulin-Mohring and David Pichardie},
	Publisher = {Springer},
	Series = {LNCS},
	Title = {Interactive Theorem Proving - 4th International Conference, ITP 2013, Rennes, France, July 22-26, 2013. Proceedings},
	Volume = {7998},
	Year = {2013}}

@inproceedings{NiehrenSmolka1994,
	Author = {Joachim Niehren and Gert Smolka},
	Booktitle = {CCL},
	Crossref = {CCL1994},
	Date-Added = {2014-03-28 17:45:20 +0000},
	Date-Modified = {2014-03-28 17:47:26 +0000},
	Pages = {89-104},
	Title = {A Confluent Relational Calculus for Higher-Order Programming with Constraints},
	Year = {1994}}

@proceedings{CCL1994,
	Booktitle = {CCL},
	Date-Added = {2014-03-28 17:45:20 +0000},
	Date-Modified = {2014-03-28 17:50:37 +0000},
	Editor = {Jean-Pierre Jouannaud},
	Publisher = {Springer},
	Series = {LNCS},
	Title = {Constraints in Computational Logics, First International Conference, CCL'94, Munich, Germant, September 7-9, 1994},
	Volume = {845},
	Year = {1994}}

@article{Plotkin75,
	Author = {Gordon D. Plotkin},
	Date-Added = {2014-03-28 09:07:17 +0000},
	Date-Modified = {2014-03-28 09:07:59 +0000},
	Journal = {Theor. Comput. Sci.},
	Number = {2},
	Pages = {125-159},
	Title = {Call-by-Name, Call-by-Value and the lambda-Calculus},
	Volume = {1},
	Year = {1975}}

@book{Barendregt,
	Annote = {Netherlands},
	Author = {Henk P. Barendregt},
	Date-Added = {2014-03-25 18:54:18 +0000},
	Date-Modified = {2014-03-25 18:54:42 +0000},
	Edition = {2nd revised},
	Publisher = {North-Holland},
	Title = {The Lambda Calculus: Its Syntax and Semantics},
	Year = 1984}

@book{JonesBook,
	Author = {Jones, Neil D.},
	Date-Added = {2014-03-24 08:53:56 +0000},
	Date-Modified = {2014-03-24 09:36:18 +0000},
	Publisher = {MIT Press},
	Title = {Computability and complexity from a programming perspective},
	Year = {1997}}

@book{HarperBook2012,
	Author = {Harper, Robert},
	Date-Added = {2014-03-23 18:10:39 +0000},
	Date-Modified = {2014-03-23 18:11:06 +0000},
	Publisher = {Cambridge University Press},
	Title = {Practical foundations for programming languages},
	Year = {2012}}

@book{PierceBook2002,
	Author = {Pierce, Benjamin C.},
	Date-Added = {2014-03-23 18:09:23 +0000},
	Date-Modified = {2014-03-23 18:57:04 +0000},
	Publisher = {MIT Press},
	Title = {Types and programming languages},
	Year = {2002}}

@incollection{sep-recursive-functions,
	Author = {Odifreddi, Piergiorgio and Cooper, S. Barry},
	Booktitle = {The Stanford Encyclopedia of Philosophy},
	Date-Added = {2014-03-23 16:55:55 +0000},
	Date-Modified = {2014-03-23 16:55:55 +0000},
	Edition = {Fall 2012},
	Editor = {Edward N. Zalta},
	Howpublished = {\url{http://plato.stanford.edu/archives/fall2012/entries/recursive-functions/}},
	Title = {Recursive Functions},
	Year = {2012}}

@book{Boolos2007,
	Author = {Boolos, George and Burgess, John P. and Jeffrey, Richard C.},
	Date-Added = {2014-03-22 20:44:03 +0000},
	Date-Modified = {2014-03-22 20:48:36 +0000},
	Edition = {5th},
	Publisher = {Cambridge University Press},
	Title = {Computability and Logic},
	Year = {2007}}

@incollection{asperti2012,
	Author = {Asperti, Andrea and Ricciotti, Wilmer},
	Booktitle = {Logic, Language, Information and Computation},
	Date-Added = {2014-03-22 12:38:40 +0000},
	Date-Modified = {2014-03-22 18:38:50 +0000},
	Pages = {1--25},
	Publisher = {Springer},
	Title = {Formalizing {T}uring Machines},
	Year = {2012}}

@article{Niehren2000,
	Author = {Joachim Niehren},
	Bibsource = {DBLP, http://dblp.uni-trier.de},
	Date-Added = {2014-03-22 12:00:39 +0000},
	Date-Modified = {2014-03-22 12:00:55 +0000},
	Ee = {http://journals.cambridge.org/action/displayAbstract?aid=59755},
	Journal = {J. Funct. Program.},
	Number = {5},
	Pages = {453-499},
	Title = {Uniform confluence in concurrent computation},
	Volume = {10},
	Year = {2000}}

@article{Stump2009,
	Author = {Aaron Stump},
	Bibsource = {DBLP, http://dblp.uni-trier.de},
	Date-Added = {2014-03-22 11:49:12 +0000},
	Date-Modified = {2014-03-22 11:49:44 +0000},
	Ee = {http://dx.doi.org/10.1007/s10990-007-9022-0},
	Journal = {Higher-Order and Symbolic Computation},
	Number = {2},
	Pages = {115-144},
	Title = {Directly reflective meta-programming},
	Volume = {22},
	Year = {2009}}

@article{Mogensen1992,
	Author = {Torben {\AE}. Mogensen},
	Bibsource = {DBLP, http://dblp.uni-trier.de},
	Date-Added = {2014-03-22 11:28:20 +0000},
	Date-Modified = {2014-03-22 11:28:50 +0000},
	Ee = {http://dx.doi.org/10.1017/S0956796800000423},
	Journal = {J. Funct. Program.},
	Number = {3},
	Pages = {345-363},
	Title = {Efficient Self-Interpretations in lambda Calculus},
	Volume = {2},
	Year = {1992}}

@incollection{Jansen2013,
	Author = {Jansen, Jan Martin},
	Booktitle = {The Beauty of Functional Code},
	Date-Modified = {2014-04-13 10:42:30 +0000},
	Editor = {Achten, Peter and Koopman, Pieter},
	Pages = {168-180},
	Publisher = {Springer Berlin Heidelberg},
	Series = {LNCS},
	Title = {Programming in the $\lambda$-Calculus: From {C}hurch to {S}cott and Back},
	Volume = {8106},
	Year = {2013}}

@incollection{Gore1999,
	Author = {Rajeev Gor\'e},
	Crossref = {HandbookTM},
	Pages = {297--396},
	Title = {Tableau Methods for Modal and Temporal Logics}}

@article{BrunnlerLange08,
	Author = {Kai Br{\"u}nnler and Martin Lange},
	Journal = {J. Log. Algebr. Program.},
	Number = {2},
	Pages = {216-225},
	Title = {Cut-free sequent systems for temporal logic},
	Volume = {76},
	Year = {2008}}

@inproceedings{LangeStirling01,
	Author = {Martin Lange and Colin Stirling},
	Booktitle = {LICS},
	Pages = {357-365},
	Title = {Focus Games for Satisfiability and Completeness of Temporal Logic},
	Year = {2001}}

@book{Troelstra-Schwichtenberg,
	Address = {New York, NY, USA},
	Author = {Troelstra, A. S. and Schwichtenberg, H.},
	Publisher = {Cambridge University Press},
	Title = {Basic proof theory (2nd ed.)},
	Year = {2000}}

@book{fitting1969,
	Author = {Fitting, M.},
	Publisher = {North-Holland Pub. Co.},
	Series = {Studies in Logic},
	Title = {Intuitionistic logic, model theory and forcing},
	Year = {1969}}

@inproceedings{DBLP:conf/cade/KaminskiS10,
	Author = {Mark Kaminski and Gert Smolka},
	Bibsource = {DBLP, http://dblp.uni-trier.de},
	Booktitle = {IJCAR},
	Crossref = {DBLP:conf/cade/2010},
	Ee = {http://dx.doi.org/10.1007/978-3-642-14203-1_21},
	Pages = {240-254},
	Title = {Terminating Tableaux for Hybrid Logic with Eventualities},
	Year = {2010}}

@proceedings{DBLP:conf/cade/2010,
	Bibsource = {DBLP, http://dblp.uni-trier.de},
	Booktitle = {IJCAR},
	Editor = {J{\"u}rgen Giesl and Reiner H{\"a}hnle},
	Ee = {http://dx.doi.org/10.1007/978-3-642-14203-1},
	Isbn = {978-3-642-14202-4},
	Publisher = {Springer},
	Series = lncs,
	Title = {Automated Reasoning, 5th International Joint Conference, IJCAR 2010, Edinburgh, UK, July 16-19, 2010. Proceedings},
	Volume = {6173},
	Year = {2010}}

@inproceedings{DBLP:conf/tphol/BertotGBP08,
	Author = {Yves Bertot and Georges Gonthier and Sidi Ould Biha and Ioana Pasca},
	Bibsource = {DBLP, http://dblp.uni-trier.de},
	Booktitle = {TPHOLs},
	Crossref = {DBLP:conf/tphol/2008},
	Ee = {http://dx.doi.org/10.1007/978-3-540-71067-7_11},
	Pages = {86-101},
	Title = {Canonical Big Operators},
	Year = {2008}}

@proceedings{DBLP:conf/tphol/2008,
	Bibsource = {DBLP, http://dblp.uni-trier.de},
	Booktitle = {TPHOLs},
	Editor = {Otmane A\"{\i}t Mohamed and C{\'e}sar Mu{\~n}oz and Sofi{\`e}ne Tahar},
	Isbn = {978-3-540-71065-3},
	Publisher = {Springer},
	Series = lncs,
	Title = {Theorem Proving in Higher Order Logics, 21st International Conference, TPHOLs 2008, Montreal, Canada, August 18-21, 2008. Proceedings},
	Volume = {5170},
	Year = {2008}}

@manual{manual/Coq/8.3,
	Author = {The Coq Development Team},
	Edition = {8.3},
	Note = {\url{http://coq.inria.fr/}},
	Title = {The Coq Proof Assistant Reference Manual},
	Year = {2010}}

@inproceedings{DBLP:conf/tphol/GarillotGMR09,
	Author = {Fran\c{c}ois Garillot and Georges Gonthier and Assia Mahboubi and Laurence Rideau},
	Bibsource = {DBLP, http://dblp.uni-trier.de},
	Booktitle = {TPHOLs},
	Crossref = {DBLP:conf/tphol/2009},
	Ee = {http://dx.doi.org/10.1007/978-3-642-03359-9_23},
	Pages = {327-342},
	Title = {Packaging Mathematical Structures},
	Year = 2009}

@proceedings{DBLP:conf/tphol/2009,
	Bibsource = {DBLP, http://dblp.uni-trier.de},
	Booktitle = {TPHOLs},
	Date-Modified = {2014-03-28 17:52:54 +0000},
	Editor = {Stefan Berghofer and Tobias Nipkow and Christian Urban and Makarius Wenzel},
	Ee = {http://dx.doi.org/10.1007/978-3-642-03359-9},
	Isbn = {978-3-642-03358-2},
	Publisher = {Springer},
	Series = LNCS,
	Title = {Theorem Proving in Higher Order Logics, 22nd International Conference, TPHOLs 2009, Munich, Germany, August 17-20, 2009. Proceedings},
	Volume = {5674},
	Year = {2009}}

@inproceedings{DBLP:conf/tphol/Caldwell98,
	Author = {James L. Caldwell},
	Bibsource = {DBLP, http://dblp.uni-trier.de},
	Booktitle = {TPHOLs},
	Crossref = {DBLP:conf/tphol/1998},
	Ee = {http://dx.doi.org/10.1007/BFb0055132},
	Pages = {105-122},
	Title = {Classical Propositional Decidability via Nuprl Proof Extraction},
	Year = {1998}}

@proceedings{DBLP:conf/tphol/1998,
	Bibsource = {DBLP, http://dblp.uni-trier.de},
	Booktitle = {TPHOLs},
	Date-Modified = {2014-03-28 17:52:43 +0000},
	Editor = {Jim Grundy and Malcolm C. Newey},
	Isbn = {3-540-64987-5},
	Publisher = {Springer},
	Series = LNCS,
	Title = {Theorem Proving in Higher Order Logics, 11th International Conference, TPHOLs'98, Canberra, Australia, September 27 - October 1, 1998, Proceedings},
	Volume = {1479},
	Year = {1998}}

@inproceedings{DBLP:conf/tphol/GonthierMRTT07,
	Author = {Georges Gonthier and Assia Mahboubi and Laurence Rideau and Enrico Tassi and Laurent Th{\'e}ry},
	Bibsource = {DBLP, http://dblp.uni-trier.de},
	Booktitle = {TPHOLs},
	Crossref = {DBLP:conf/tphol/2007},
	Ee = {http://dx.doi.org/10.1007/978-3-540-74591-4_8},
	Pages = {86-101},
	Title = {A Modular Formalisation of Finite Group Theory},
	Year = {2007}}

@proceedings{DBLP:conf/tphol/2007,
	Bibsource = {DBLP, http://dblp.uni-trier.de},
	Booktitle = {TPHOLs},
	Date-Modified = {2014-03-28 17:52:11 +0000},
	Editor = {Klaus Schneider and Jens Brandt},
	Isbn = {978-3-540-74590-7},
	Publisher = {Springer},
	Series = LNCS,
	Title = {Theorem Proving in Higher Order Logics, 20th International Conference, TPHOLs 2007, Kaiserslautern, Germany, September 10-13, 2007, Proceedings},
	Volume = 4732,
	Year = 2007}

@inproceedings{DBLP:conf/tphol/SozeauO08,
	Author = {Matthieu Sozeau and Nicolas Oury},
	Bibsource = {DBLP, http://dblp.uni-trier.de},
	Booktitle = {TPHOLs},
	Crossref = {DBLP:conf/tphol/2008},
	Ee = {http://dx.doi.org/10.1007/978-3-540-71067-7_23},
	Pages = {278-293},
	Title = {First-Class Type Classes},
	Year = 2008}

@article{DBLP:journals/acta/Ben-AriPM83,
	Author = {Mordechai Ben-Ari and Amir Pnueli and Zohar Manna},
	Bibsource = {DBLP, http://dblp.uni-trier.de},
	Ee = {http://dx.doi.org/10.1007/BF01257083},
	Journal = {Acta Inf.},
	Pages = {207-226},
	Title = {The Temporal Logic of Branching Time},
	Volume = {20},
	Year = {1983}}

@techreport{GONTHIER:2008:INRIA-00258384:10,
	Author = {{G}onthier, {G}eorges and {M}ahboubi, {A}ssia and {T}assi, {E}nrico},
	Hal_Id = {inria-00258384},
	Institution = {INRIA},
	Language = {{A}nglais},
	Number = {{RR}-6455},
	Title = {{A} {S}mall {S}cale {R}eflection {E}xtension for the {C}oq system},
	Type = {Research Report},
	Url = {http://hal.inria.fr/inria-00258384/en/},
	Year = 2008,
	Bdsk-Url-1 = {http://hal.inria.fr/inria-00258384/en/}}

@article{DBLP:journals/jolli/Weber09,
	Author = {Volker Weber},
	Bibsource = {DBLP, http://dblp.uni-trier.de},
	Ee = {http://dx.doi.org/10.1007/s10849-009-9093-x},
	Journal = {Journal of Logic, Language and Information},
	Number = {4},
	Pages = {593-624},
	Publisher = {Springer Netherlands},
	Title = {Branching-Time Logics Repeatedly Referring to States},
	Volume = {18},
	Year = {2009}}

@inproceedings{Norrish2011,
	Author = {Michael Norrish},
	Bibsource = {DBLP, http://dblp.uni-trier.de},
	Booktitle = {ITP},
	Crossref = {DBLP:conf/itp/2011},
	Date-Modified = {2014-03-22 11:00:51 +0000},
	Ee = {http://dx.doi.org/10.1007/978-3-642-22863-6_22},
	Pages = {297-311},
	Title = {Mechanised Computability Theory},
	Year = {2011}}

@proceedings{DBLP:conf/itp/2011,
	Bibsource = {DBLP, http://dblp.uni-trier.de},
	Booktitle = {ITP},
	Date-Modified = {2014-03-28 17:51:45 +0000},
	Editor = {Marko C. J. D. van Eekelen and Herman Geuvers and Julien Schmaltz and Freek Wiedijk},
	Ee = {http://dx.doi.org/10.1007/978-3-642-22863-6},
	Isbn = {978-3-642-22862-9},
	Publisher = {Springer},
	Series = {LNCS},
	Title = {Interactive Theorem Proving - Second International Conference, ITP 2011, Berg en Dal, The Netherlands, August 22-25, 2011. Proceedings},
	Volume = 6898,
	Year = 2011}

@inproceedings{DBLP:conf/tphol/Zammit96,
	Author = {Vincent Zammit},
	Bibsource = {DBLP, http://dblp.uni-trier.de},
	Booktitle = {TPHOLs},
	Crossref = {DBLP:conf/tphol/1996},
	Ee = {http://dx.doi.org/10.1007/BFb0105420},
	Pages = {431-446},
	Title = {A Mechanisation of Computability Theory in HOL},
	Year = {1996}}

@proceedings{DBLP:conf/tphol/1996,
	Bibsource = {DBLP, http://dblp.uni-trier.de},
	Booktitle = {TPHOLs},
	Date-Modified = {2014-03-28 17:51:42 +0000},
	Editor = {Joakim von Wright and Jim Grundy and John Harrison},
	Isbn = {3-540-61587-3},
	Publisher = {Springer},
	Series = {LNCS},
	Title = {Theorem Proving in Higher Order Logics, 9th International Conference, TPHOLs'96, Turku, Finland, August 26-30, 1996, Proceedings},
	Volume = {1125},
	Year = {1996}}

@article{DBLP:journals/apal/IlikLH10,
	Author = {Danko Ilik and Gyesik Lee and Hugo Herbelin},
	Bibsource = {DBLP, http://dblp.uni-trier.de},
	Ee = {http://dx.doi.org/10.1016/j.apal.2010.04.007},
	Journal = {Ann. Pure Appl. Logic},
	Number = {11},
	Pages = {1367-1378},
	Title = {Kripke models for classical logic},
	Volume = {161},
	Year = {2010}}

@book{contructivism,
	Editor = {Anne Sjerp Troelstra and Dirk van Dalen},
	Publisher = {Elsevier},
	Series = {Studies in Logic and the Foundations of Mathematics},
	Title = {Constructivism in Mathematics: An Introduction},
	Year = {1988}}

@inproceedings{kenting,
	Author = {Christian Doczkal and Gert Smolka},
	Booktitle = {Certified Programs and Proofs},
	Editor = {Jean-Pierre Jouannaud and Zhong Shao},
	Month = {Dec},
	Publisher = {Springer},
	Series = {LNCS},
	Title = {Constructive Formalization of Hybrid Logic with Eventualities},
	Year = {2011}}

@book{many-dimensional,
	Booktitle = {Many-Dimensional Modal Logics: Theory and Applications},
	Editor = {Dov M. Gabbay and A. Kuruz and Frank Wolter and Michael Zakharyaschev},
	Publisher = {Elsevier},
	Series = {Studies in Logic and the Foundations of Mathematics},
	Title = {Many-Dimensional Modal LogicsTheory and Applications},
	Year = {2003}}

@incollection{FS80,
	Address = {Dordrecht},
	Author = {G. Fischer Servi},
	Booktitle = {Italian Studies in the Philosophy of Science},
	Editor = {M. L. Dalla Chiara},
	Pages = {59-72},
	Publisher = {Reidel},
	Title = {Semantics for a class of intuitionistic modal calculi},
	Year = 1980}

@article{FS84,
	Author = {G. Fischer Servi},
	Journal = {Rendiconti di Matematica di Torino},
	Pages = {179-194},
	Title = {Axiomatizations for some intuitionistic modal logics},
	Volume = 42,
	Year = 1984}

@article{springerlink:10.1007/s11229-011-9905-9,
	Author = {Hakli, Raul and Negri, Sara},
	Doi = {10.1007/s11229-011-9905-9},
	Issn = {0039-7857},
	Journal = {Synthese},
	Pages = {1-19},
	Publisher = {Springer Netherlands},
	Title = {Does the deduction theorem fail for modal logic?},
	Url = {http://dx.doi.org/10.1007/s11229-011-9905-9},
	Year = 2010,
	Bdsk-Url-1 = {http://dx.doi.org/10.1007/s11229-011-9905-9}}

@article{Smullyan,
	Author = {Raymond M. Smullyan},
	Country = {U.S.A.},
	Journal = {Proceedings of the National Academy of Sciences},
	Pages = {828-832},
	Title = {A Unifying Principal in Quantification Theory},
	Volume = 49,
	Year = {1963}}

@article{Kozen1981113,
	Author = {Dexter Kozen and Rohit Parikh},
	Doi = {10.1016/0304-3975(81)90019-0},
	Issn = {0304-3975},
	Journal = {Theoretical Computer Science},
	Number = {1},
	Pages = {113 - 118},
	Title = {An elementary proof of the completeness of PDL},
	Url = {http://www.sciencedirect.com/science/article/pii/0304397581900190},
	Volume = {14},
	Year = {1981},
	Bdsk-Url-1 = {http://www.sciencedirect.com/science/article/pii/0304397581900190},
	Bdsk-Url-2 = {http://dx.doi.org/10.1016/0304-3975(81)90019-0}}

@article{setoids,
	Author = {Matthieu Sozeau},
	Journal = {Journal of Formalized Reasoning},
	Number = 1,
	Title = {A New Look at Generalized Rewriting in Type Theory},
	Volume = 2,
	Year = 2009}

@misc{kyoto-src,
	Author = {Christian Doczkal and Gert Smolka},
	Note = {{\tt www.ps.uni-saarland.de/extras/cpp12/}},
	Title = {Coq formalization accompanying this paper}}

@misc{Coq,
	Author = {{The Coq Development Team}},
	Note = {{\tt coq.inria.fr}}}

@article{Turing,
author = {Turing, Alan M.}, 
title = {On Computable Numbers, with an Application to the Entscheidungsproblem},
volume = {s2-42}, 
number = 1, 
pages = {230-265}, 
year = 1937, 
doi = {10.1112/plms/s2-42.1.230}, 
eprint = {http://plms.oxfordjournals.org/content/s2-42/1/230.full.pdf+html}, 
journal = {Proceedings of the London Mathematical Society} 
}

@book{grundzuege,
  title={Grundz{\"u}ge Der Theoretischen Logik},
  author={Hilbert, D. and Ackermann, W.},
  lccn={50017795},
  series={Die Grundlehren der mathematischen Wissenschaften},
  year={1949},
  publisher={Springer}
}

@manual{Coq12,
author = {{Coq} {Development} {Team}, The},
title = {The {Coq} Reference Manual, version 8.4},
month = Aug,
year = {2012},
note = {Available electronically at \url{http://coq.inria.fr/doc}}
}

@article{TuringFP,
  author    = {Alan M. Turing},
  title     = {The {\th}-Function in {\(\lambda\)}-K-Conversion},
  journal   = {J. Symb. Log.},
  year      = {1937},
  volume    = {2},
  number    = {4},
  pages     = {164},
  doi       = {10.2307/2268281},
  timestamp = {Thu, 18 Sep 2014 19:11:00 +0200},
  biburl    = {http://dblp.uni-trier.de/rec/bib/journals/jsyml/Turing37a},
  bibsource = {dblp computer science bibliography, http://dblp.org}
}

@article{Bauer06,
  author    = {Andrej Bauer},
  title     = {First Steps in Synthetic Computability Theory},
  journal   = {Electr. Notes Theor. Comput. Sci.},
  year      = {2006},
  volume    = {155},
  pages     = {5--31},
  doi       = {10.1016/j.entcs.2005.11.049},
  timestamp = {Fri, 19 Sep 2014 11:47:52 +0200},
  biburl    = {http://dblp.uni-trier.de/rec/bib/journals/entcs/Bauer06},
  bibsource = {dblp computer science bibliography, http://dblp.org}
}

@book{KozenBook,
  author    = {Dexter Kozen},
  title     = {Automata and computability},
  series    = {Undergraduate texts in computer science},
  year      = {1997},
  publisher = {Springer},
  isbn      = {978-0-387-94907-9},
  timestamp = {Fri, 19 Sep 2014 11:49:00 +0200},
  biburl    = {http://dblp.uni-trier.de/rec/bib/books/daglib/0088160},
  bibsource = {dblp computer science bibliography, http://dblp.org}
}
