@incollection{dijkstra2002go,
  title={Go to statement considered harmful},
  author={Dijkstra, Edsger W},
  booktitle={Software pioneers},
  pages={351--355},
  year={2002},
  publisher={Springer}
}

@incollection{asperti2012,
  Author = {Asperti, Andrea and Ricciotti, Wilmer},
  Booktitle = {Logic, Language, Information and Computation},
  Date-Added = {2014-03-22 12:38:40 +0000},
  Date-Modified = {2014-03-22 18:38:50 +0000},
  Pages = {1--25},
  Publisher = {Springer},
  Title = {Formalizing {T}uring Machines},
  Year = {2012}
}

@article{asperti2015,
  title={A formalization of multi-tape Turing machines},
  author={Asperti, Andrea and Ricciotti, Wilmer},
  journal={Theoretical Computer Science},
  volume=603,
  pages={23--42},
  year=2015,
  publisher={Elsevier}
}


@article{Invariance,
  title = "The problem of space invariance for sequential machines",
  journal = "Information and Computation",
  volume = "77",
  number = "2",
  pages = "93 - 122",
  year = "1988",
  note = "",
  issn = "0890-5401",
  doi = "http://dx.doi.org/10.1016/0890-5401(88)90052-1",
  url = "http://www.sciencedirect.com/science/article/pii/0890540188900521",
  author = "Cees Slot and Peter van Emde Boas",
}

@inproceedings{Pous13,
  author    = {Damien Pous},
  title     = {Kleene Algebra with Tests and Coq Tools for while Programs},
  booktitle = {ITP 2013},
  pages     = {180--196},
  year      = {2013},
  url       = {http://dx.doi.org/10.1007/978-3-642-39634-2_15},
  doi       = {10.1007/978-3-642-39634-2_15},
  timestamp = {Wed, 24 Jul 2013 20:48:35 +0200},
  biburl    = {http://dblp.uni-trier.de/rec/bib/conf/itp/Pous13},
  bibsource = {dblp computer science bibliography, http://dblp.org}
}

@article{indeed,
  author    = {Beniamino Accattoli and Ugo Dal Lago},
  title     = {({L}eftmost-Outermost) Beta Reduction is Invariant, Indeed},
  journal   = {Logical Methods in Computer Science},
  volume    = 12,
  number    = 1,
  year      = 2016,
  url       = {http://dx.doi.org/10.2168/LMCS-12(1:4)2016},
  doi       = {10.2168/LMCS-12(1:4)2016},
  timestamp = {Mon, 04 Apr 2016 13:16:34 +0200},
  biburl    = {http://dblp.uni-trier.de/rec/bib/journals/corr/AccattoliL16},
  bibsource = {dblp computer science bibliography, http://dblp.org}
}


@misc{Coq,
  author = {{The Coq Proof Assistant}},
  howpublished = {\url{http://coq.inria.fr}}
}

@inproceedings{asperti2011matita,
  title={The Matita interactive theorem prover},
  author={Asperti, Andrea and Ricciotti, Wilmer and Coen, Claudio Sacerdoti and Tassi, Enrico},
  booktitle={International Conference on Automated Deduction},
  pages={64--69},
  year={2011},
  organization={Springer}
}

@misc{nipkow2002isabelle,
  title={Isabelle/HOL. LNCS, vol. 2283},
  author={Nipkow, Tobias and Paulson, Larry C and Wenzel, Markus},
  year={2002},
  publisher={Springer, Heidelberg}
}

@inproceedings{Xu:2013:MTM:2529315.2529331,
  author = {Xu, Jian and Zhang, Xingyuan and Urban, Christian},
  title = {Mechanising Turing Machines and Computability Theory in Isabelle/HOL},
  booktitle = {Proceedings of the 4th International Conference on Interactive Theorem Proving},
  series = {ITP'13},
  year = {2013},
  isbn = {978-3-642-39633-5},
  location = {Rennes, France},
  pages = {147--162},
  numpages = {16},
  url = {http://dx.doi.org/10.1007/978-3-642-39634-2_13},
  doi = {10.1007/978-3-642-39634-2_13},
  acmid = {2529331},
  publisher = {Springer-Verlag},
  address = {Berlin, Heidelberg},
}

@article{Ciaffaglione:2016:TTC:2956213.2956306,
  author = {Ciaffaglione, Alberto},
  title = {Towards Turing Computability via Coinduction},
  journal = {Sci. Comput. Program.},
  issue_date = {September 2016},
  volume = {126},
  number = {C},
  month = sep,
  year = {2016},
  issn = {0167-6423},
  pages = {31--51},
  numpages = {21},
  url = {https://doi.org/10.1016/j.scico.2016.02.004},
  doi = {10.1016/j.scico.2016.02.004},
  acmid = {2956306},
  publisher = {Elsevier North-Holland, Inc.},
  address = {Amsterdam, The Netherlands, The Netherlands},
  keywords = {Coinductive types, Coq proof assistant, Program certification},
}


@unpublished{PCPITP,
  author = {Yannick Forster and Eidth Heiter and Fabian Kunze},
  title = {Verification of PCP-Related Computational Reductions in Coq},
  note = {{\itshape ITP 2018}, \url{https://www.ps.uni-saarland.de/extras/PCP/}},
  year = 2018
}


@unpublished{ForsterSmolka17,
  author = {Yannick Forster and Gert Smolka},
  title = {Weak Call-by-Value Lambda Calculus as a Model of Computation in {Coq}},
  note = {{\itshape unpublished, submitted for review, \url{https://www.ps.uni-saarland.de/extras/L-computability/}}},
  year = {2017}
}

@unpublished{CoqWS,
  author = {Yannick Forster and Fabian Kunze},
  title = {Verified Extraction from {Coq} to a Lambda-Calculus},
  note = {{\itshape Coq workshop 2016}, \url{https://www.ps.uni-saarland.de/~forster/coq-workshop-16/}},
  year = 2016
}


@article{DalLago,
  Author = {Ugo {Dal Lago} and Simone Martini},
  Date-Added = {2014-04-01 17:24:02 +0000},
  Date-Modified = {2014-04-03 10:26:20 +0000},
  Journal = {Theor. Comput. Sci.},
  Number = {1-3},
  Pages = {32-50},
  Title = {The weak lambda calculus as a reasonable machine},
  Volume = {398},
  Year = {2008}
}

@TECHREPORT{KunzeEtAl:2018:Formal,
  title = {Formal Small-step Verification of a Call-by-value Lambda Calculus Machine},
  author = {Fabian Kunze and Gert Smolka and Yannick Forster},
  year = 2018,
  month = {Jun},
  institution = {arxiv 1806.03205},
}

@CONFERENCE{ForsterSmolka:2017:L-Computability,
  title = {Weak Call-by-Value Lambda Calculus as a Model of Computation in Coq},
  author = {Yannick Forster and Gert Smolka},
  year = {2017},
  month = {Apr},
  booktitle = { Interactive Theorem Proving - 8th International Conference, ITP 2017, Brasilia, Brazil, September 26-29, 2017},
}

@misc{boolos2007computability,
  title={Computability and Logic. 5th},
  author={Boolos, George S and Burgess, John P and Jeffrey, Richard C},
  year={2007},
  publisher={New York, NY: Cambridge University Press}
}

@misc{SMPL,
  title = {Coq Plugin smpl},
  author = {Sigurd Schneider},
  url = {https://github.com/sigurdschneider/smpl}
}

% XXX Bachelor's thesis
@mastersthesis{JanMenz,
  title = {A Coq Library for Finite Types},
  author = {Jan Christian Menz},
  year = 2016,
  url = {https://www.ps.uni-saarland.de/~menz/bachelor.php},
  type = {Bachelor's thesis},
  school = {Universität des Saarlandes}
}

@mastersthesis{Heiter,
  title = {Undecidability of the Post Correspondence Problem in Coq},
  author = {Edith Heiter},
  year = 2017,
  url = {https://www.ps.uni-saarland.de/~heiter/bachelor.php},
  type = {Bachelor's thesis},
  school = {Universität des Saarlandes}
}

@unpublished{ForsterLOLA,
  title = {Towards a library of formalised undecidable problems in Coq: The undecidability of intuitionistic linear logic},
  author = {Yannick Forster and Dominique Larchey-Wendling},
  note = {{\itshape LOLA workshop 2018, Oxford, UK}, \url{https://www.ps.uni-saarland.de/~forster/downloads/LOLA-2018-coq-library-undecidability.pdf}},
  year = 2018
}

@techreport{casteran2012gentle,
  title={A gentle introduction to type classes and relations in Coq},
  author={Cast{\'e}ran, Pierre and Sozeau, Matthieu},
  year={2012},
  institution={Technical Report hal-00702455, version 1}
}


@InProceedings{NorrishComputabilityTheory,
  author="Norrish, Michael",
  editor="van Eekelen, Marko and Geuvers, Herman and Schmaltz, Julien and Wiedijk, Freek",
  title="Mechanised Computability Theory",
  booktitle="Interactive Theorem Proving",
  year="2011",
  publisher="Springer Berlin Heidelberg",
  address="Berlin, Heidelberg",
  pages="297--311",
  abstract="This paper presents a mechanisation of some basic computability theory. The mechanisation uses two models: the recursive functions and the $\lambda$-calculus, and shows that they have equivalent computational power. Results proved include the Recursion Theorem, an instance of the s-m-n theorem, the existence of a universal machine, Rice's Theorem, and closure facts about the recursive and recursively enumerable sets. The mechanisation was performed in the HOL4 system and is available online.",
  isbn="978-3-642-22863-6"
}
